<record><leader>00000cas a22000007a 4500</leader><controlfield tag="001">20669095</controlfield><controlfield tag="008">891117c19669999mnudn ne      0    0eng d</controlfield><datafield ind1=" " ind2=" " tag="010"><subfield code="a">sn 89064574 </subfield></datafield><datafield ind1=" " ind2=" " tag="040"><subfield code="a">MN#</subfield><subfield code="b">eng</subfield><subfield code="c">MN#</subfield><subfield code="d">OCLCQ</subfield><subfield code="d">OCLCF</subfield><subfield code="d">OCLCO</subfield></datafield><datafield ind1=" " ind2=" " tag="043"><subfield code="a">n-us-mn</subfield></datafield><datafield ind1=" " ind2=" " tag="052"><subfield code="a">4144</subfield><subfield code="b">F2</subfield></datafield><datafield ind1=" " ind2=" " tag="052"><subfield code="a">4143</subfield><subfield code="b">M4</subfield></datafield><datafield ind1="0" ind2=" " tag="130"><subfield code="a">Sentinel (Fairmont, Minn. : 1966)</subfield></datafield><datafield ind1="1" ind2="0" tag="245"><subfield code="a">Sentinel.</subfield></datafield><datafield ind1=" " ind2=" " tag="260"><subfield code="a">Fairmont, Minn. :</subfield><subfield code="b">Bill Mickelson,</subfield><subfield code="c">1966-</subfield></datafield><datafield ind1=" " ind2=" " tag="300"><subfield code="a">v.</subfield></datafield><datafield ind1=" " ind2=" " tag="310"><subfield code="a">Daily (except Sun.)</subfield></datafield><datafield ind1="0" ind2=" " tag="362"><subfield code="a">93rd year, no. 79 (Oct. 7, 1966)-</subfield></datafield><datafield ind1=" " ind2=" " tag="530"><subfield code="a">Available on microfilm from the Minnesota Historical Society.</subfield></datafield><datafield ind1=" " ind2="0" tag="651"><subfield code="a">Fairmont (Minn.)</subfield><subfield code="v">Newspapers.</subfield></datafield><datafield ind1=" " ind2="7" tag="655"><subfield code="a">Newspapers.</subfield><subfield code="2">fast</subfield><subfield code="0">(OCoLC)fst01423814</subfield></datafield><datafield ind1=" " ind2="7" tag="651"><subfield code="a">Minnesota</subfield><subfield code="z">Fairmont.</subfield><subfield code="2">fast</subfield><subfield code="0">(OCoLC)fst01220183</subfield></datafield><datafield ind1=" " ind2=" " tag="752"><subfield code="a">United States</subfield><subfield code="b">Minnesota</subfield><subfield code="c">Martin</subfield><subfield code="d">Fairmont.</subfield></datafield><datafield ind1="0" ind2="0" tag="780"><subfield code="t">Daily sentinel (Fairmont, Minn. : 1958)</subfield><subfield code="w">(DLC)sn 89064573</subfield></datafield></record>